<record xmlns:xsi="http://www.w3.org/2001/XMLSchema-instance" xmlns="http://www.loc.gov/MARC21/slim" xsi:schemaLocation="http://www.loc.gov/MARC21/slim http://www.loc.gov/standards/marcxml/schema/MARC21slim.xsd">

  <leader>00560nam a2200181Ia 4500</leader>
  <controlfield tag="008">160208b1996    cl ||||| |||| 00| | spa d</controlfield>
  <datafield ind2=" " ind1=" " tag="020">
    <subfield code="a">9561311445</subfield>
  </datafield>
  <datafield ind1=" " tag="090" ind2=" ">
    <subfield code="a">06.03.06 </subfield>
    <subfield code="b">923</subfield>
  </datafield>
  <datafield tag="100" ind1="1" ind2=" ">
    <subfield code="a">Peralta Espinosa, María Victoria</subfield>
    <subfield code="9">1444</subfield>
  </datafield>
  <datafield ind2="3" tag="245" ind1="1">
    <subfield code="a">El currículo en el jardín infantil : un análisis crítico</subfield>
  </datafield>
  <datafield ind1=" " tag="250" ind2=" ">
    <subfield code="a">3edicón</subfield>
  </datafield>
  <datafield tag="260" ind1=" " ind2=" ">
    <subfield code="a">Santiago, Chile : </subfield>
    <subfield code="b">Editorial Andrés Bello,</subfield>
    <subfield code="c">1996</subfield>
  </datafield>
  <datafield ind2=" " tag="300" ind1=" ">
    <subfield code="a">374 páginas</subfield>
  </datafield>
  <datafield ind2="4" tag="650" ind1="1">
    <subfield code="a">EDUCACIÓN PREESCOLAR</subfield>
    <subfield code="9">455</subfield>
  </datafield>
  <datafield ind2="4" tag="650" ind1="1">
    <subfield code="a">EVALUACIÓN </subfield>
    <subfield code="9">287</subfield>
  </datafield>
  <datafield tag="650" ind1="1" ind2="4">
    <subfield code="a">CURRÍCULO (EDUCACIÓN)</subfield>
    <subfield code="9">342</subfield>
  </datafield>
  <datafield ind2=" " ind1=" " tag="942">
    <subfield code="2">z</subfield>
    <subfield code="c">01</subfield>
  </datafield>
  <datafield tag="999" ind1=" " ind2=" ">
    <subfield code="c">357</subfield>
    <subfield code="d">357</subfield>
  </datafield>
</record>